% This file was created with JabRef 2.9.2.
% Encoding: Cp1252

@MISC{bestbuy,
  author = {{Best Buy Co., Inc.}},
  howpublished = {\url{http://www.bestbuy.com}}
}

@INPROCEEDINGS{bilenko2003,
  author = {M. Bilenko and R.J. Mooney},
  title = {{Adaptive Duplicate Detection Using Learnable String Similarity Measures}},
  booktitle = {{Proceedings of the Ninth ACM SIGKDD International Conference on
	Knowledge Discovery and Data Mining (KDD 2003)}},
  year = {2003},
  pages = {39--48}
}

@ARTICLE{bmcr2003,
  author = {M. Bilenko and R.J. Mooney},
  title = {{Adaptive Name Matching in Information Integration}},
  journal = {{IEEE Intelligent Systems}},
  year = {2003},
  volume = {18},
  pages = {16--23},
  number = {5}
}

@INPROCEEDINGS{C2000,
  author = {F.Y.Y. Choi},
  title = {Advances in domain independent linear text segmentation},
  booktitle = {Proceedings of the first conference on North American chapter of
	the Association for Computational Linguistics},
  year = {2000},
  pages = {26--33},
  owner = {Roel},
  timestamp = {2014.10.03}
}

@INPROCEEDINGS{C1993,
  author = {K.W. Church},
  title = {Char align: A Program for Aligning Parallel Texts at the Character
	Level},
  booktitle = {Proceedings of the 31st Annual Meeting of the Association for Computational
	Linguistics},
  year = {1993},
  pages = {1--8},
  publisher = {Association for Computational Linguistics},
  owner = {Roel},
  timestamp = {2014.10.03}
}

@ARTICLE{cortes1995,
  author = {C. Cortes and V. Vapnik},
  title = {{Support-Vector Networks}},
  journal = {{Machine Learning}},
  year = {1995},
  volume = {20},
  pages = {273--297},
  number = {3}
}

@ARTICLE{D1979,
  author = {C.J. Dahlman},
  title = {The Problem of Externality},
  journal = {Journal of Law and Economics},
  year = {1979},
  volume = {22(1)},
  pages = {141-162},
  owner = {Roel},
  timestamp = {2014.10.02}
}

@INPROCEEDINGS{DTR2010,
  author = {D. Davidov and O. Tsur and A. Rappoport},
  title = {Enhanced Sentiment Learning Using Twitter Hashtags and Smileys},
  booktitle = {COLING Proceedings of the 23rd International Conference on Computational
	Linguistics},
  year = {2010},
  pages = {241--249},
  owner = {Roel},
  timestamp = {2014.10.03}
}

@ARTICLE{elmagarmid2007,
  author = {A.K. Elmagarmid and P.G. Ipeirotis and V.S. Verykios},
  title = {{Duplicate Record Detection: A Survey}},
  journal = {{IEEE Transactions on Knowledge and Data Engineering}},
  year = {2007},
  volume = {19},
  pages = {1--16},
  number = {1}
}

@ARTICLE{FFACF2014,
  author = {K. Floyd and R. Freling and S. Alhoqail and H.Y. Cho and T. Freling},
  title = {How Online Product Reviews Affect Retail Sales: A Meta-analysis},
  journal = {Journal of Retailing},
  year = {2014},
  volume = {90(2)},
  pages = {217--232},
  owner = {Roel},
  timestamp = {2014.10.02}
}

@ARTICLE{FPK2004,
  author = {P. Fragkou and V. Petridis and A.T.H. Kehagias},
  title = {A Dynamic Programming Algorithm for Linear Text Segmentation},
  journal = {Journal of Intelligent Information Systems},
  year = {2004},
  volume = {23(2)},
  pages = {179--197},
  owner = {Roel},
  timestamp = {2014.10.03}
}

@INPROCEEDINGS{GACR2005,
  author = {M. Gamon and A. Aue and S. Corston-Oliver and E. Ringger},
  title = {{Pulse: Mining Customer Opinions from Free Text}},
  booktitle = {Proceedings of the 6th International Symposium on Intelligent Data
	Analysis},
  year = {2005},
  pages = {121--132},
  address = {Madrid, Spain}
}

@INPROCEEDINGS{GEM2009,
  author = {G. Ganu and N. Elhadad and A. Marian},
  title = {Beyond the Stars: Improving Rating Predictions using Review Content},
  booktitle = {Proceedings of the 12th International Workshop on the Web and Databases
	(WebDB 2009)},
  year = {2009},
  address = {Rhode Island, USA},
  owner = {Roel},
  timestamp = {2014.10.15}
}

@INPROCEEDINGS{HCK2011,
  author = {Hai, Z. and Chang, K. and Kim, J.},
  title = {Implicit Feature Identification
	
	via Co-occurrence Association Rule Mining},
  booktitle = {Proceedings of the 12th International Conference on Computational
	Linguistics and Intelligent Text processing (CICLing 2011)},
  year = {2011},
  pages = {393--404},
  editor = {Springer},
  volume = {6608},
  owner = {Roel},
  timestamp = {2014.10.14}
}

@ARTICLE{jaccard1901,
  author = {P. Jaccard},
  title = {{Distribution de la Flore Alpine dans le Bassin des Dranses et dans
	Quelques Régions Voisines}},
  journal = {{Bulletin de la Société Vaudoise des Sciences Naturelles}},
  year = {1901},
  volume = {37},
  pages = {241--272}
}

@INPROCEEDINGS{kttr,
  author = {H. Köpcke and A. Thor and S. Thomas and E. Rahm},
  title = {{Tailoring Entity Resolution for Matching Product Offers}},
  booktitle = {{Proceedings of the 15th International Conference on Extending Database
	Technology (EDBT 2012)}},
  year = {2012},
  pages = {545--550}
}

@ARTICLE{levenshtein1966,
  author = {V.I. Levenshtein},
  title = {{Binary Codes Capable of Correction Deletions, Insertions, and Reversals}},
  journal = {{Soviet Physics Doklady}},
  year = {1966},
  volume = {10},
  pages = {707--710},
  number = {8}
}

@MISC{newegg,
  author = {{Newegg Inc.}},
  howpublished = {\url{http://www.newegg.com}}
}

@INPROCEEDINGS{PB2012,
  author = {H. D. Park and C. Blake},
  title = {Identifying comparative sentences in full-text scientific articles},
  booktitle = {Proceedings of the Association of Computational Linguistics, Workshop
	on Detecting Structure in Scholarly Discourse},
  year = {2012},
  pages = {1--9},
  owner = {Roel},
  timestamp = {2014.10.03}
}

@ARTICLE{sfw1983,
  author = {G. Salton and E.A. Fox and H. Wu},
  title = {{Extended Boolean Information Retrieval}},
  journal = {{Communications of the ACM}},
  year = {1983},
  volume = {26},
  pages = {1022--1036},
  number = {11}
}

@INBOOK{salton1983,
  title = {{Introduction to Modern Information Retrieval}},
  publisher = {{McGraw Hill}},
  year = {1983},
  author = {G. Salton and M.J. McGill}
}

@INPROCEEDINGS{SF2014,
  author = {K. Schouten and F. Frasincar},
  title = {Finding Implicit Features in Consumer Reviews for Sentiment Analysis},
  booktitle = {14th International Conference on Web Engineering (ICWE 2014), volume
	8541 of Lecture Notes in Computer Science},
  year = {2014},
  pages = {130--144},
  publisher = {International World Wide Web Conferences Steering Committee},
  owner = {Roel},
  timestamp = {2014.10.01}
}

@ARTICLE{SN2004,
  author = {Sylvain Senecal and Jacques Nantel},
  title = {{The Influence of Online Product Recommendations on Consumers' Online
	Choices}},
  journal = {{Journal of Retailing}},
  year = {2004},
  volume = {80},
  pages = {159-169}
}

@ARTICLE{USCensus,
  author = {I. Thomas and W. Davie and D. Weidenhamer},
  title = {{Quarterly Retail e-commerce Sales 3rd Quarter 2012}},
  journal = {{U.S. Census Bureau News}},
  year = {2012}
}

@ARTICLE{vandic2012,
  author = {D. Vandic and J.W. van Dam and F. Frasincar},
  title = {{Faceted Product Search Powered by the Semantic Web}},
  journal = {{Decision Support Systems}},
  year = {2012},
  volume = {53},
  pages = {425--437},
  number = {3}
}

@BOOK{R1979,
  author = {Van Rijsbergen, C.J.},
  title = {Information Retrieval},
  publisher = {Butterworth},
  year = {1979},
  address = {London},
  edition = {2nd},
  owner = {Roel},
  timestamp = {2014.10.16}
}

@ARTICLE{WXW2013,
  author = {Wang, W. and Xu, H. and Wan, W.},
  title = {Implicit Feature Identification via Hybrid Association Rule Mining},
  journal = {Expert Systems with Applications},
  year = {2013},
  volume = {40(9)},
  pages = {3518--3531},
  owner = {Roel},
  timestamp = {2014.10.14}
}

@ARTICLE{wilcoxon1945,
  author = {F. Wilcoxon},
  title = {{Individual Comparisons by Ranking Methods}},
  journal = {{Biometrics Bulletin}},
  year = {1945},
  volume = {1},
  pages = {80--83},
  number = {6}
}

@INPROCEEDINGS{winkler1990,
  author = {W.E. Winkler},
  title = {{String Comparator Metrics and Enhanced Decision Rules in the Fellegi-Sunter
	Model of Record Linkage}},
  booktitle = {{Proceedings of the Section on Survey Research Methods}},
  year = {1990},
  pages = {354--359},
  publisher = {American Statistical Association}
}

@MISC{wwwmetrics,
  author = {{WWW Metrics}},
  howpublished = {\url{http://www.wwwmetrics.com/shopping.htm}}
}

@ARTICLE{xiao2011,
  author = {C. Xiao and W. Wang and X. Lin and J. Xu Yu and G. Wang},
  title = {{Efficient Similarity Joins for Near Duplicate Detection}},
  journal = {{ACM Transactions on Database Systems (TODS)}},
  year = {2011},
  volume = {36},
  pages = {A:1--A:40},
  number = {3}
}

@INPROCEEDINGS{ZZL2014,
  author = {F. Zhang and Z. Zhang and M. Lan},
  title = {ECNU: A Combination Method and Multiple Features for Aspect
	
	Extraction and Sentiment Polarity Classification},
  booktitle = {Proceedings of the 8th International Workshop on Semantic Evaluation
	(SemEval 2014)},
  year = {2014},
  pages = {252--258,},
  address = {Dublin, Ireland},
  owner = {Roel},
  timestamp = {2014.10.15}
}

@INPROCEEDINGS{ZZ2013,
  author = {Y. Zhang and W. Zhu},
  title = {Extracting Implicit Features in Online Customer Reviews
	
	for Opinion Mining},
  booktitle = {Proceedings of the 22nd International Conference on World
	
	Wide Web Companion (WWW 2013 Companion)},
  year = {2013},
  pages = {103--104},
  publisher = {International World Wide Web Conferences Steering Committee},
  owner = {Roel},
  timestamp = {2014.10.02}
}

@ARTICLE{ZWZTM2011,
  author = {J. Zhu and H. Wang and M. Zhu and B.K. Tsou and M. Ma},
  title = {Aspect-Based Opinion Polling from Customer Reviews},
  journal = {IEEE Transactions On Affective Computing},
  year = {2011},
  volume = {2},
  pages = {37--49},
  owner = {Roel},
  timestamp = {2014.10.03}
}

